<?xml version = "1.0" encoding = "UTF-8"?><record>
  <leader>01872nkm#a22005178c#4500</leader>
  <controlfield tag="005">20210409105434.0</controlfield>
  <controlfield tag="007">tu</controlfield>
  <controlfield tag="008">160915|2016####gw#|||############||eng#c</controlfield>
  <controlfield tag="003">DE-605</controlfield>
  <controlfield tag="001">990213554370206441</controlfield>
  <datafield tag="015" ind1=" " ind2=" ">
    <subfield code="a">16,N18</subfield>
    <subfield code="2">dnb</subfield>
  </datafield>
  <datafield tag="016" ind1="7" ind2=" ">
    <subfield code="a">1076073898</subfield>
    <subfield code="2">OCoLC</subfield>
  </datafield>
  <datafield tag="016" ind1="7" ind2=" ">
    <subfield code="a">1098556437</subfield>
    <subfield code="2">DE-101b</subfield>
  </datafield>
  <datafield tag="020" ind1=" " ind2=" ">
    <subfield code="a">9783954761586</subfield>
    <subfield code="9">978-3-95476-158-6</subfield>
    <subfield code="0">(uri) http://www.isbnsearch.org/isbn/9783954761586</subfield>
  </datafield>
  <datafield tag="035" ind1=" " ind2=" ">
    <subfield code="a">(DE-605)HT019093814</subfield>
  </datafield>
  <datafield tag="040" ind1=" " ind2=" ">
    <subfield code="a">Kn 3</subfield>
    <subfield code="b">ger</subfield>
    <subfield code="d">Kn 3</subfield>
  </datafield>
  <datafield tag="041" ind1=" " ind2=" ">
    <subfield code="a">eng</subfield>
    <subfield code="a">ger</subfield>
  </datafield>
  <datafield tag="044" ind1=" " ind2=" ">
    <subfield code="c">XA-DE-BE</subfield>
  </datafield>
  <datafield tag="084" ind1=" " ind2=" ">
    <subfield code="a">Ruhrgebiet</subfield>
    <subfield code="0">https://nwbib.de/spatial#N20</subfield>
    <subfield code="2">nwbib</subfield>
  </datafield>
  <datafield tag="084" ind1=" " ind2=" ">
    <subfield code="a">Photographie</subfield>
    <subfield code="0">https://nwbib.de/subjects#N848000</subfield>
    <subfield code="2">nwbib</subfield>
  </datafield>
  <datafield tag="084" ind1=" " ind2=" ">
    <subfield code="a">Kunstausstellungen</subfield>
    <subfield code="0">https://nwbib.de/subjects#N841060</subfield>
    <subfield code="2">nwbib</subfield>
  </datafield>
  <datafield tag="245" ind1="0" ind2="0">
    <subfield code="a">Bude Bett Bargeld/Licht unserer Tage</subfield>
    <subfield code="b">junge Fotografie, Ruhrtriennale 2016 : Meisterkurse Daniel Josefson und Julian R&#246;mer; Louisa Boeszoermeny, Jakob Ganslmeier, Gregro Schmidt, Julian Slagman</subfield>
  </datafield>
  <datafield tag="246" ind1="3" ind2=" ">
    <subfield code="a">Bude Bett Bargeld</subfield>
  </datafield>
  <datafield tag="246" ind1="3" ind2=" ">
    <subfield code="a">Licht unserer Tage</subfield>
  </datafield>
  <datafield tag="250" ind1=" " ind2=" ">
    <subfield code="a">[1. Auflage]</subfield>
  </datafield>
  <datafield tag="264" ind1=" " ind2="1">
    <subfield code="a">Berlin</subfield>
    <subfield code="b">Distanz</subfield>
    <subfield code="c">2016</subfield>
  </datafield>
  <datafield tag="300" ind1=" " ind2=" ">
    <subfield code="a">[110] S. : zahlr. Ill., &#252;berw. farb.</subfield>
  </datafield>
  <datafield tag="336" ind1=" " ind2=" ">
    <subfield code="b">sti</subfield>
  </datafield>
  <datafield tag="336" ind1=" " ind2=" ">
    <subfield code="b">txt</subfield>
  </datafield>
  <datafield tag="337" ind1=" " ind2=" ">
    <subfield code="b">n</subfield>
  </datafield>
  <datafield tag="338" ind1=" " ind2=" ">
    <subfield code="b">nc</subfield>
  </datafield>
  <datafield tag="500" ind1=" " ind2=" ">
    <subfield code="a">Wendebuch</subfield>
    <subfield code="9">F:501</subfield>
  </datafield>
  <datafield tag="655" ind1=" " ind2="7">
    <subfield code="a">Konferenzschrift</subfield>
    <subfield code="0">(DE-588)1071861417</subfield>
    <subfield code="2">gnd-content</subfield>
  </datafield>
  <datafield tag="689" ind1="0" ind2="0">
    <subfield code="a">Ruhrtriennale</subfield>
    <subfield code="d">2015-2017</subfield>
    <subfield code="c">Nordrhein-Westfalen</subfield>
    <subfield code="D">f</subfield>
    <subfield code="0">(DE-588)1063656419</subfield>
    <subfield code="0">(uri) https://portal.dnb.de/opac.htm?method=simpleSearch&amp;cqlMode=true&amp;query=idn=1063656419</subfield>
    <subfield code="0">(uri) http://viaf.org/viaf/sourceID/DNB|1063656419</subfield>
    <subfield code="B">GND-1063656419</subfield>
  </datafield>
  <datafield tag="689" ind1="0" ind2="1">
    <subfield code="a">Fotografie</subfield>
    <subfield code="D">s</subfield>
    <subfield code="0">(DE-588)4045895-7</subfield>
    <subfield code="0">(uri) https://portal.dnb.de/opac.htm?method=simpleSearch&amp;cqlMode=true&amp;query=idn=040458954</subfield>
    <subfield code="0">(uri) http://viaf.org/viaf/sourceID/DNB|040458954</subfield>
    <subfield code="B">GND-040458954</subfield>
  </datafield>
  <datafield tag="700" ind1="1" ind2=" ">
    <subfield code="a">Boeszoermeny, Louisa</subfield>
    <subfield code="d">1991-</subfield>
    <subfield code="0">(DE-588)1108328849</subfield>
    <subfield code="4">pht</subfield>
    <subfield code="0">(uri) https://portal.dnb.de/opac.htm?method=simpleSearch&amp;cqlMode=true&amp;query=idn=1108328849</subfield>
    <subfield code="0">(uri) http://viaf.org/viaf/sourceID/DNB|1108328849</subfield>
    <subfield code="B">GND-1108328849</subfield>
  </datafield>
  <datafield tag="700" ind1="1" ind2=" ">
    <subfield code="a">Ganslmeier, Jakob</subfield>
    <subfield code="d">1990-</subfield>
    <subfield code="0">(DE-588)1067217789</subfield>
    <subfield code="4">pht</subfield>
    <subfield code="0">(uri) https://portal.dnb.de/opac.htm?method=simpleSearch&amp;cqlMode=true&amp;query=idn=1067217789</subfield>
    <subfield code="0">(uri) http://viaf.org/viaf/sourceID/DNB|1067217789</subfield>
    <subfield code="B">GND-1067217789</subfield>
  </datafield>
  <datafield tag="710" ind1="2" ind2=" ">
    <subfield code="a">Kultur Ruhr GmbH</subfield>
    <subfield code="0">(DE-588)10057549-3</subfield>
    <subfield code="4">oth</subfield>
    <subfield code="0">(uri) https://portal.dnb.de/opac.htm?method=simpleSearch&amp;cqlMode=true&amp;query=idn=967797381</subfield>
    <subfield code="0">(uri) http://viaf.org/viaf/sourceID/DNB|967797381</subfield>
    <subfield code="B">GND-967797381</subfield>
  </datafield>
  <datafield tag="710" ind1="2" ind2=" ">
    <subfield code="a">DISTANZ Verlag GmbH</subfield>
    <subfield code="0">(DE-588)1065174365</subfield>
    <subfield code="4">pbl</subfield>
    <subfield code="0">(uri) https://portal.dnb.de/opac.htm?method=simpleSearch&amp;cqlMode=true&amp;query=idn=1065174365</subfield>
    <subfield code="0">(uri) http://viaf.org/viaf/sourceID/DNB|1065174365</subfield>
    <subfield code="B">GND-1065174365</subfield>
  </datafield>
  <datafield tag="711" ind1="2" ind2=" ">
    <subfield code="a">Ruhrtriennale</subfield>
    <subfield code="0">(DE-588)5555595-0</subfield>
    <subfield code="4">oth</subfield>
    <subfield code="0">(uri) https://portal.dnb.de/opac.htm?method=simpleSearch&amp;cqlMode=true&amp;query=idn=97112910X</subfield>
    <subfield code="0">(uri) http://viaf.org/viaf/sourceID/DNB|97112910X</subfield>
    <subfield code="B">GND-97112910X</subfield>
  </datafield>
  <datafield tag="960" ind1="1" ind2=" ">
    <subfield code="n">NWBib-6</subfield>
  </datafield>
  <datafield tag="964" ind1="0" ind2="s">
    <subfield code="F">030</subfield>
    <subfield code="A">f||u-||||||37</subfield>
  </datafield>
  <datafield tag="964" ind1="0" ind2="s">
    <subfield code="F">050</subfield>
    <subfield code="A">a|a|||||||||||</subfield>
  </datafield>
  <datafield tag="964" ind1="0" ind2="s">
    <subfield code="F">051</subfield>
    <subfield code="A">m|||||||</subfield>
  </datafield>
  <datafield tag="035" ind1=" " ind2=" ">
    <subfield code="a">(OCoLC)1076073898</subfield>
    <subfield code="0">(uri) http://www.worldcat.org/oclc/1076073898</subfield>
  </datafield>
  <datafield tag="035" ind1=" " ind2=" ">
    <subfield code="a">(DE-599)DNB1098556437</subfield>
  </datafield>
  <datafield tag="MBD" ind1=" " ind2=" ">
    <subfield code="M">49HBZ_NETWORK</subfield>
    <subfield code="i">990213554370206441</subfield>
    <subfield code="n">HBZ Network</subfield>
  </datafield>
  <datafield tag="MBD" ind1=" " ind2=" ">
    <subfield code="M">49HBZ_UDE</subfield>
    <subfield code="i">990185052050206446</subfield>
    <subfield code="n">UB Duisburg-Essen</subfield>
  </datafield>
  <datafield tag="020" ind1=" " ind2=" ">
    <subfield code="a">9783954761586</subfield>
    <subfield code="9">978-3-95476-158-6</subfield>
    <subfield code="M">49HBZ_UDE</subfield>
  </datafield>
  <datafield tag="500" ind1=" " ind2=" ">
    <subfield code="a">Wendebuch</subfield>
    <subfield code="9">F:501</subfield>
    <subfield code="M">49HBZ_UDE</subfield>
  </datafield>
  <datafield tag="983" ind1=" " ind2=" ">
    <subfield code="b">JZH</subfield>
    <subfield code="9">LOCAL</subfield>
    <subfield code="M">49HBZ_UDE</subfield>
  </datafield>
  <datafield tag="MNG" ind1=" " ind2=" ">
    <subfield code="c">System</subfield>
    <subfield code="f">ILS</subfield>
    <subfield code="i">marc21</subfield>
    <subfield code="k">01</subfield>
    <subfield code="e">false</subfield>
    <subfield code="d">2021-05-30 04:16:17 Europe/Berlin</subfield>
    <subfield code="g">021355437-HBZ01</subfield>
    <subfield code="j">60</subfield>
    <subfield code="a">import</subfield>
    <subfield code="b">2021-04-06 03:06:00 Europe/Berlin</subfield>
  </datafield>
  <datafield tag="H52" ind1="8" ind2=" ">
    <subfield code="b">E0001</subfield>
    <subfield code="c">E11</subfield>
    <subfield code="h">JZH43391</subfield>
    <subfield code="8">22384754970006446</subfield>
  </datafield>
  <datafield tag="HOL" ind1=" " ind2=" ">
    <subfield code="b">2021-04-15 16:48:02</subfield>
    <subfield code="8">22384754970006446</subfield>
    <subfield code="M">49HBZ_UDE</subfield>
    <subfield code="g">false</subfield>
    <subfield code="a">import</subfield>
  </datafield>
  <datafield tag="ITM" ind1=" " ind2=" ">
    <subfield code="H">22384754970006446</subfield>
    <subfield code="x">E11</subfield>
    <subfield code="f">BOOK</subfield>
    <subfield code="v">E11</subfield>
    <subfield code="p">10</subfield>
    <subfield code="X">System</subfield>
    <subfield code="U">2016-11-22 10:59:00</subfield>
    <subfield code="Y">2021-04-20 13:36:16</subfield>
    <subfield code="h">false</subfield>
    <subfield code="n">JZH43391</subfield>
    <subfield code="P">24</subfield>
    <subfield code="Q">KU</subfield>
    <subfield code="M">49HBZ_UDE</subfield>
    <subfield code="s">1</subfield>
    <subfield code="d">8</subfield>
    <subfield code="V">import</subfield>
    <subfield code="L">TA nach RDA umarbeiten?</subfield>
    <subfield code="b">DE00515305</subfield>
    <subfield code="a">23384754960006446</subfield>
    <subfield code="t">8</subfield>
    <subfield code="c">JZH43391</subfield>
    <subfield code="S">VM16-4595</subfield>
    <subfield code="B">16/12412</subfield>
    <subfield code="D">20161122</subfield>
    <subfield code="W">2021-04-15 16:48:02</subfield>
    <subfield code="u">E0001</subfield>
    <subfield code="w">E0001</subfield>
  </datafield>
  <datafield tag="GST" ind1=" " ind2=" ">
    <subfield code="a">Photographie</subfield>
    <subfield code="A">GND</subfield>
    <subfield code="B">GND-040458954</subfield>
    <subfield code="C">450</subfield>
  </datafield>
  <datafield tag="GST" ind1=" " ind2=" ">
    <subfield code="a">Aufnahme</subfield>
    <subfield code="g">Photographie</subfield>
    <subfield code="A">GND</subfield>
    <subfield code="B">GND-040458954</subfield>
    <subfield code="C">450</subfield>
  </datafield>
  <datafield tag="GST" ind1=" " ind2=" ">
    <subfield code="a">Aufnahme</subfield>
    <subfield code="g">Fotografie</subfield>
    <subfield code="A">GND</subfield>
    <subfield code="B">GND-040458954</subfield>
    <subfield code="C">450</subfield>
  </datafield>
  <datafield tag="GST" ind1=" " ind2=" ">
    <subfield code="a">Aufnahme</subfield>
    <subfield code="g">Fotographie</subfield>
    <subfield code="A">GND</subfield>
    <subfield code="B">GND-040458954</subfield>
    <subfield code="C">450</subfield>
  </datafield>
  <datafield tag="GST" ind1=" " ind2=" ">
    <subfield code="a">Aufnahme</subfield>
    <subfield code="g">Photografie</subfield>
    <subfield code="A">GND</subfield>
    <subfield code="B">GND-040458954</subfield>
    <subfield code="C">450</subfield>
  </datafield>
  <datafield tag="GST" ind1=" " ind2=" ">
    <subfield code="a">Foto</subfield>
    <subfield code="A">GND</subfield>
    <subfield code="B">GND-040458954</subfield>
    <subfield code="C">450</subfield>
  </datafield>
  <datafield tag="GST" ind1=" " ind2=" ">
    <subfield code="a">Fotografieren</subfield>
    <subfield code="A">GND</subfield>
    <subfield code="B">GND-040458954</subfield>
    <subfield code="C">450</subfield>
  </datafield>
  <datafield tag="GST" ind1=" " ind2=" ">
    <subfield code="a">Photographieren</subfield>
    <subfield code="A">GND</subfield>
    <subfield code="B">GND-040458954</subfield>
    <subfield code="C">450</subfield>
  </datafield>
  <datafield tag="GST" ind1=" " ind2=" ">
    <subfield code="a">Fotographieren</subfield>
    <subfield code="A">GND</subfield>
    <subfield code="B">GND-040458954</subfield>
    <subfield code="C">450</subfield>
  </datafield>
  <datafield tag="GST" ind1=" " ind2=" ">
    <subfield code="a">Photografieren</subfield>
    <subfield code="A">GND</subfield>
    <subfield code="B">GND-040458954</subfield>
    <subfield code="C">450</subfield>
  </datafield>
  <datafield tag="GST" ind1=" " ind2=" ">
    <subfield code="a">Photo</subfield>
    <subfield code="A">GND</subfield>
    <subfield code="B">GND-040458954</subfield>
    <subfield code="C">450</subfield>
  </datafield>
  <datafield tag="GST" ind1=" " ind2=" ">
    <subfield code="a">Photoaufnahme</subfield>
    <subfield code="A">GND</subfield>
    <subfield code="B">GND-040458954</subfield>
    <subfield code="C">450</subfield>
  </datafield>
  <datafield tag="GST" ind1=" " ind2=" ">
    <subfield code="a">Fotoaufnahme</subfield>
    <subfield code="A">GND</subfield>
    <subfield code="B">GND-040458954</subfield>
    <subfield code="C">450</subfield>
  </datafield>
  <datafield tag="GST" ind1=" " ind2=" ">
    <subfield code="a">Photokunst</subfield>
    <subfield code="9">v:Quasisynonym</subfield>
    <subfield code="A">GND</subfield>
    <subfield code="B">GND-040458954</subfield>
    <subfield code="C">450</subfield>
  </datafield>
  <datafield tag="GST" ind1=" " ind2=" ">
    <subfield code="a">Fotokunst</subfield>
    <subfield code="9">v:Quasisynonym</subfield>
    <subfield code="A">GND</subfield>
    <subfield code="B">GND-040458954</subfield>
    <subfield code="C">450</subfield>
  </datafield>
  <datafield tag="GST" ind1=" " ind2=" ">
    <subfield code="a">Fotographie</subfield>
    <subfield code="A">GND</subfield>
    <subfield code="B">GND-040458954</subfield>
    <subfield code="C">450</subfield>
  </datafield>
  <datafield tag="GST" ind1=" " ind2=" ">
    <subfield code="a">Photografie</subfield>
    <subfield code="A">GND</subfield>
    <subfield code="B">GND-040458954</subfield>
    <subfield code="C">450</subfield>
  </datafield>
  <datafield tag="GST" ind1=" " ind2=" ">
    <subfield code="a">Lichtbild</subfield>
    <subfield code="g">Photographie</subfield>
    <subfield code="A">GND</subfield>
    <subfield code="B">GND-040458954</subfield>
    <subfield code="C">450</subfield>
  </datafield>
  <datafield tag="GST" ind1=" " ind2=" ">
    <subfield code="a">Lichtbild</subfield>
    <subfield code="g">Fotografie</subfield>
    <subfield code="A">GND</subfield>
    <subfield code="B">GND-040458954</subfield>
    <subfield code="C">450</subfield>
  </datafield>
  <datafield tag="GST" ind1=" " ind2=" ">
    <subfield code="a">Lichtbild</subfield>
    <subfield code="g">Fotographie</subfield>
    <subfield code="A">GND</subfield>
    <subfield code="B">GND-040458954</subfield>
    <subfield code="C">450</subfield>
  </datafield>
  <datafield tag="GST" ind1=" " ind2=" ">
    <subfield code="a">Lichtbild</subfield>
    <subfield code="g">Photografie</subfield>
    <subfield code="A">GND</subfield>
    <subfield code="B">GND-040458954</subfield>
    <subfield code="C">450</subfield>
  </datafield>
  <datafield tag="GST" ind1=" " ind2=" ">
    <subfield code="a">Photographische Aufnahme</subfield>
    <subfield code="A">GND</subfield>
    <subfield code="B">GND-040458954</subfield>
    <subfield code="C">450</subfield>
  </datafield>
  <datafield tag="GST" ind1=" " ind2=" ">
    <subfield code="a">Fotografische Aufnahme</subfield>
    <subfield code="A">GND</subfield>
    <subfield code="B">GND-040458954</subfield>
    <subfield code="C">450</subfield>
  </datafield>
  <datafield tag="GST" ind1=" " ind2=" ">
    <subfield code="a">Fotographische Aufnahme</subfield>
    <subfield code="A">GND</subfield>
    <subfield code="B">GND-040458954</subfield>
    <subfield code="C">450</subfield>
  </datafield>
  <datafield tag="GST" ind1=" " ind2=" ">
    <subfield code="a">Photografische Aufnahme</subfield>
    <subfield code="A">GND</subfield>
    <subfield code="B">GND-040458954</subfield>
    <subfield code="C">450</subfield>
  </datafield>
  <datafield tag="GSI" ind1="7" ind2=" ">
    <subfield code="a">http://d-nb.info/gnd/4045895-7</subfield>
    <subfield code="2">uri</subfield>
    <subfield code="A">GND</subfield>
    <subfield code="B">GND-040458954</subfield>
    <subfield code="C">024</subfield>
  </datafield>
  <datafield tag="GKS" ind1="2" ind2=" ">
    <subfield code="a">Ruhr-Triennale</subfield>
    <subfield code="A">GND</subfield>
    <subfield code="B">GND-97112910X</subfield>
    <subfield code="C">411</subfield>
  </datafield>
  <datafield tag="GSI" ind1="7" ind2=" ">
    <subfield code="a">http://d-nb.info/gnd/5555595-0</subfield>
    <subfield code="2">uri</subfield>
    <subfield code="A">GND</subfield>
    <subfield code="B">GND-97112910X</subfield>
    <subfield code="C">024</subfield>
  </datafield>
  <datafield tag="GKT" ind1="2" ind2=" ">
    <subfield code="a">Distanz-Verlag GmbH</subfield>
    <subfield code="A">GND</subfield>
    <subfield code="B">GND-1065174365</subfield>
    <subfield code="C">410</subfield>
  </datafield>
  <datafield tag="GSI" ind1="7" ind2=" ">
    <subfield code="a">1065174365</subfield>
    <subfield code="0">http://d-nb.info/gnd/1065174365</subfield>
    <subfield code="2">gnd</subfield>
    <subfield code="A">GND</subfield>
    <subfield code="B">GND-1065174365</subfield>
    <subfield code="C">024</subfield>
  </datafield>
  <datafield tag="GSI" ind1="7" ind2=" ">
    <subfield code="a">http://d-nb.info/gnd/10057549-3</subfield>
    <subfield code="2">uri</subfield>
    <subfield code="A">GND</subfield>
    <subfield code="B">GND-967797381</subfield>
    <subfield code="C">024</subfield>
  </datafield>
  <datafield tag="GSI" ind1="7" ind2=" ">
    <subfield code="a">1067217789</subfield>
    <subfield code="0">http://d-nb.info/gnd/1067217789</subfield>
    <subfield code="2">gnd</subfield>
    <subfield code="A">GND</subfield>
    <subfield code="B">GND-1067217789</subfield>
    <subfield code="C">024</subfield>
  </datafield>
  <datafield tag="GSI" ind1="7" ind2=" ">
    <subfield code="a">1108328849</subfield>
    <subfield code="0">http://d-nb.info/gnd/1108328849</subfield>
    <subfield code="2">gnd</subfield>
    <subfield code="A">GND</subfield>
    <subfield code="B">GND-1108328849</subfield>
    <subfield code="C">024</subfield>
  </datafield>
  <datafield tag="GKS" ind1="2" ind2=" ">
    <subfield code="a">International Festival of the Arts</subfield>
    <subfield code="d">2015-2017</subfield>
    <subfield code="c">Nordrhein-Westfalen</subfield>
    <subfield code="A">GND</subfield>
    <subfield code="B">GND-1063656419</subfield>
    <subfield code="C">411</subfield>
  </datafield>
  <datafield tag="GKS" ind1="2" ind2=" ">
    <subfield code="a">Ruhrtriiiennale, Festival der Ku&#776;nste</subfield>
    <subfield code="d">2015-2017</subfield>
    <subfield code="c">Nordrhein-Westfalen</subfield>
    <subfield code="A">GND</subfield>
    <subfield code="B">GND-1063656419</subfield>
    <subfield code="C">411</subfield>
  </datafield>
  <datafield tag="GSI" ind1="7" ind2=" ">
    <subfield code="a">http://d-nb.info/gnd/1063656419</subfield>
    <subfield code="2">uri</subfield>
    <subfield code="A">GND</subfield>
    <subfield code="B">GND-1063656419</subfield>
    <subfield code="C">024</subfield>
  </datafield>
</record>